@article{batterham2020mental,
  author       = {Philip J. Batterham and Alison L. Calear and Amelia Gulliver and Louise M. McCallum and Zachary Steel},
  title        = {Trajectory and predictors of depression and anxiety in Australians during the first year of the COVID-19 pandemic},
  journal      = {BMC Psychiatry},
  year         = {2020},
  volume       = {20},
  number       = {1},
  pages        = {1--10},
  doi          = {10.1186/s12888-020-02956-8},
  url          = {https://www.ncbi.nlm.nih.gov/pmc/articles/PMC7500884/},
  note         = {PMCID: PMC7500884}
}
